<?xml version="1.0" encoding="UTF-8"?><collection xmlns="http://www.loc.gov/MARC21/slim"><record><leader>00526nam--2200181-u-4500</leader><controlfield tag="001">000056455</controlfield><controlfield tag="002">20161230</controlfield><controlfield tag="005">20170128001503</controlfield><controlfield tag="008">151021s1000------------r-----000-0-eng-d</controlfield><datafield ind1=" " ind2=" " tag="040"><subfield code="a">IFIN-HH</subfield></datafield><datafield ind1=" " ind2=" " tag="080"><subfield code="a">51:53</subfield></datafield><datafield ind1="1" ind2=" " tag="100"><subfield code="a">Gilbert, Robert P</subfield></datafield><datafield ind1="1" ind2="0" tag="245"><subfield code="a">Analytic methods in mathematical physics</subfield><subfield code="c">Robert P. Gilbert, Roger G. Newton (eds.)</subfield></datafield><datafield ind1=" " ind2=" " tag="260"><subfield code="a">New York</subfield><subfield code="b">Gordon And Breach Science Publishers</subfield><subfield code="c">1970</subfield></datafield><datafield ind1=" " ind2=" " tag="300"><subfield code="a">XII+578</subfield></datafield><datafield ind1="1" ind2=" " tag="700"><subfield code="a">Newton, Robert G</subfield><subfield code="e">Ed</subfield></datafield><datafield ind1=" " ind2=" " tag="852"><subfield code="a">35754</subfield><subfield code="c">53.02</subfield></datafield><datafield ind1=" " ind2=" " tag="CAT"><subfield code="a">SYS</subfield><subfield code="c">20170128</subfield><subfield code="h">001503</subfield></datafield></record></collection>